@article{lees2010theoretical,
  title={Theoretical maximum capacity as benchmark for empty vehicle redistribution in personal rapid transit},
  author={Lees-Miller, John and Hammersley, John and Wilson, R},
  journal={Transportation Research Record: Journal of the Transportation Research Board},
  number={2146},
  pages={76--83},
  year={2010},
  publisher={Transportation Research Board of the National Academies}
}
@online{dockeroverview, 
    author={Docker, Inc.},
    title={Docker overview},
    url={https://docs.docker.com/get-started/overview/},
    urldate={2022-01-23}
}
@book{poulton2020docker,
  title={Docker Deep Dive: Harness the full potential of your applications with Docker},
  author={Poulton, N.},
  isbn={9781800569119},
  url={https://books.google.fi/books?id=DicGEAAAQBAJ},
  year={2020},
  publisher={Packt Publishing}
}
